    @BOOK{Pravidla,
      author =       "Zdeněk Hlavsa and others",
      title =        "{\it Pravidla českého pravopisu}",
      publisher =    "Academia",
      year =         "2005",
      isbn =         "80-200-1327-X",
    }
    
    @BOOK{Knuth,
      author =       "Donald E. Knuth",
      title =        "{\it The {\TeX}book}",
      publisher =    "Addison-Wesley Publishing Company",
      year =         "1996",
      isbn =         "0-201-13447-0",
    }
    
    @BOOK{Rybicka,
      author =       "Jiří Rybička",
      title =        "{\it {\LaTeX} pro začátečníky}",
      publisher =    "Konvoj",
      year =         "1999",
      isbn =         "ISBN~80-85615-77-0",
    }

    @BOOK{Olsak,
      author =       "Petr Olšák",
      title =        "{\it {\TeX}book naruby}",
      publisher =    "Konvoj",
      year =         "2001",
      isbn =         "I80-7302-0007-6",
    }

    @BOOK{Eikh,
      author =       "Victor Eikhout",
      title =        "{\it {\TeX}by Topics, a {\TeX}nitian's Reference }",
      publisher =    "Addison-Wesley UK",
      year =         "2001",
      isbn =         "0-201-56882-9",
    }

   @MISC{cstugWeb,
      author =       "Petr Sojka and others",
      title =        "{\it Československé sdružení uživatelů {\TeX}u}",
      url =          "http://www.cstug.cz",
      note =         "[Online; navštíveno 12.05.2016]"
   }

   @MISC{fitWeb,
      author =       "Zdena Rábová and Petr Hanáček and Petr Peringer and Petr Přikryl and Bohuslav Křena",
      title =        "{\it Užitečné rady pro psaní odborného textu}",
      howpublished = "FIT VUT v Brně",
      year =         "2008",
      month =        Nov,
      url =          "http://www.fit.vutbr.cz/info/statnice/psani_textu.html",
      note =         "[Online; navštíveno 12.05.2015]"
   }

   @MISC{citace,
      author =       "Zdena Rábová and Petr Hanáček and Petr Peringer and Petr Přikryl and Bohuslav Křena",
      title =        "{\it Pravidla pro bibliografické citace}",
      howpublished = "FIT VUT v Brně",
      year =         "2014",
      month =        Mar,
      url =          "http://www.fit.vutbr.cz/info/szz/bib_citace.html",
      note =         "[Online; navštíveno 12.07.2016]"
   }
   
   @MISC{biblio,
      author =       "Olga Biernátová and Jan Skůpa",
      title =        "{\it Bibliografické odkazy a citace dokumentů}",
      url =          "http://www.citace.com/download/CSN-ISO-690.pdf",
      month =        Sep,
      year =         "2011",
      note =         "[Online; navštíveno 14.07.2017]"
   }
   
   @MISC{formalniBP,
      author =       "Zdena Rábová and Petr Přikryl and Petr Peringer and Petr Lampa and Bohuslav Křena",
      title =        "{\it Závazné pokyny pro vypracování a odevzdání bakalářské práce}",
      url =          "http://www.fit.vutbr.cz/info/szz/pokyny_bp.php",
      note =         "[Online; navštíveno 30.06.2016]"
   }
   
   @MISC{formalniDP,
      author =       "Zdena Rábová and Petr Přikryl and Petr Peringer and Petr Lampa and Bohuslav Křena",
      title =        "{\it Závazné pokyny pro vypracování a odevzdání diplomové práce}",
      url =          "http://www.fit.vutbr.cz/info/szz/pokyny_dp.php",
      note =         "[Online; navštíveno 30.06.2016]"
   }
   
   @MISC{smernice,
      author =       "Miroslav Doupovec and Kamil Gregorek",
      title =        "{\it Směrnice rektora č. 2/2009 -- Úprava, odevzdávání, zveřejňování a uchovávání vysokoškolských kvalifikačních prací}",
      url =          "https://www.vutbr.cz/uredni-deska/vnitrni-predpisy-a-dokumenty/smernice-rektora-f34920/smernice-rektora-c-2-2009-uprava-odevzdavani-zverejnovani-a-uchovavani-vysokoskolskych-kvalifikacnich-praci-d39448/",
      note =         "[Online; navštíveno 30.06.2016]"
   }
   
   @MISC{prirucka,
      key =          "Cerna",
      author =       "Anna Černá and Jan Chromý and Hana Konečná and others",
      title =        "{\it Internetová jazyková příručka -- Ústav pro jazyk český Akademie věd ČR, v. v. i.}",
      howpublished = "Centrum zpracování přirozeného jazyka FI MU",
      url =          "http://prirucka.ujc.cas.cz/",
      note =         "[Online; navštíveno 15.07.2016]"
   }
   
   @MISC{Herout,
      author =       "Adam Herout",
      title =        "{\it herout.net -- Poznámky učitele, kouče, čtenáře.}",
      url =          "http://www.herout.net/",
      note =         "[Online; navštíveno 15.07.2016]"
   }
   
   @MISC{chyby,
      author =       "Igor Szöke",
      title =        "{\it Textová část BP/DP - Lessons learned}",
      url =          "http://blog.igor.szoke.cz/2012/01/textova-cast-bpdp-lessons-learned-1.html",
      note =         "[Online; navštíveno 15.07.2016]"
   }
   
   @MISC{rady,
      author =       "Igor Szöke",
      title =        "{\it Píšete diplomku? 15+1 rad, které vám pomohou.}",
      url =          "http://blog.igor.szoke.cz/2011/12/pisete-diplomku-151-rad-ktere-vam.html",
      note =         "[Online; navštíveno 15.07.2016]"
   }
   
   @MISC{Beran,
      author =       "Vítězslav Beran",
      title =        "{\it Beran-BP DP Projekty}",
      url =          "http://merlin.fit.vutbr.cz/wiki/index.php/Beran-BP_DP_Projekty",
      note =         "[Online; navštíveno 15.07.2016]"
   }

   @MISC{BeranPDF,
      author =       "Vítězslav Beran",
      title =        "{\it Jak psát technickou zprávu}",
      url =          "http://www.fit.vutbr.cz/~beranv/podpora/Jak%20psat%20technickou%20zpravu.pdf",
      note =         "[Online; navštíveno 15.07.2016]"
   }
   
   @MISC{Cernocky,
      key =          "Cernocky",
      author =       "Jan Černocký",
      title =        "{\it Cernocky BP DP-obecne}",
      url =          "http://merlin.fit.vutbr.cz/wiki/index.php/Cernocky_BP_DP-obecne",
      note =         "[Online; navštíveno 25.07.2016]"
   }
   
   @MISC{CernockyEnglish,
      key =          "Cernocky",
      author =       "Jan Černocký",
      title =        "{\it English SOS}",
      url =          "https://merlin.fit.vutbr.cz/wiki/index.php/English_SOS",
      note =         "[Online; navštíveno 25.07.2016]"
   }
   
   @MISC{Zemcik,
      author =       "Pavel Zemčík",
      title =        "{\it Všeobecné pokyny pro studenty a vůbec}",
      url =          "http://www.fit.vutbr.cz/~zemcik/Pokyny.pdf",
      note =         "[Online; navštíveno 25.07.2016]"
   }
   
   @BOOK{Lebrun2011,
      author =       {Jean-Luc Lebrun},
      title =        {Scientific Writing 2.0: a reader and writer's guide},
      publisher =    {World Scientific Publishing},
      year =         {2011},
      note =         {ISBN: 9814350605},
      owner =        {herout},
      timestamp =    {2015.01.20}
  }
  
  
  %=========================
  
    @MISC{systemonlineBigData,
      author =       "Ondřej Dolák",
      title =        "{\it Big data - Nové způsoby zpracování a analýzy velkých objemů dat}",
      url =          "https://www.systemonline.cz/clanky/big-data.htm",
      note =         "[Online; navštíveno 26.09.2017]"
    }
    
    @MISC{oracleBigData,
      author =       "Peter Heller and Dee Piziak and Robert Stackowiak and Art Licht and Tom Luckenbach and Bob Cauthen and Avishkar Misra and John Wyant and Jeff Knudsen",
      title =        "{\it An Enterprise Architect’s Guide to Big Data}",
      url =          "http://www.oracle.com/technetwork/topics/entarch/articles/oea-big-data-guide-1522052.pdf",
      note =         "[Online; navštíveno 26.09.2017]"
    }
    
    @MISC{johanBigData,
      author =       "Johan Louwers",
      title =        "{\it Big Data is sometimes Fast Data}",
      url =          "http://johanlouwers.blogspot.cz/2013/01/big-data-is-sometimes-fast-data.html",
      note =         "[Online; navštíveno 27.09.2017]"
    }
    
    @MISC{rajeshBigData,
      author =       "Rajesh Nambiar",
      title =        "{\it What is Big Data ? }",
      url =          "http://rrnamb.blogspot.cz/2012/09/what-is-big-data.html",
      note =         "[Online; navštíveno 27.09.2017]"
    }
    
    @MISC{distributedDBMS,
      author =       "{Tutorials Point (I) Pvt. Ltd.}",
      title =        "{\it Distributed DBMS Tutorial}",
      url =          "https://www.tutorialspoint.com/distributed_dbms/",
      note =         "[Online; navštíveno 29.09.2017]"
    }
    
    @MISC{distributedDBMSPic,
      author =       "{Oracle Help Center}",
      title =        "{\it Distributed Database Architecture}",
      url =          "https://docs.oracle.com/cd/B28359_01/server.111/b28310/ds_concepts001.htm",
      note =         "[Online; navštíveno 29.09.2017]"
    }
    
    @MISC{wikiDBMS,
      title =        "{\it Distributed database}",
      url =          "https://en.wikipedia.org/wiki/Distributed_database",
      note =         "[Online; navštíveno 02.10.2017]"
    }
    
    @MISC{forensicswikiForensicFF,
      title =        "{\it Forensics File Formats}",
      url =          "http://www.forensicswiki.org/wiki/Category:Forensics_File_Formats",
      note =         "[Online; navštíveno 28.10.2017]"
    }
    
    @MISC{forensicswikiCompFor,
      title =        "{\it Computer forensics}",
      url =     "http://www.forensicswiki.org/wiki/Computer_forensics",
      note =         "[Online; navštíveno 28.10.2017]"
    }
    
    @MISC{forensicImages,
      author =       "Sally Vandeven",
      title =        "{\it Forensic Images: For Your Viewing Pleasure}",
      url =     "https://www.sans.org/reading-room/whitepapers/forensics/forensic-images-viewing-pleasure-35447",
      note =         "[Online; navštíveno 28.10.2017]"
    }
    
    @MISC{whatIsDigFor,
      author =       "Blaine Stephens",
      title =        "{\it What Is Digital Forensics?}",
      url =     "https://www.interworks.com/blog/bstephens/2016/02/05/what-digital-forensics",
      note =         "[Online; navštíveno 28.10.2017]"
    }
    
    @MISC{aff4,
      title =        "{\it Advanced Forensic Framework 4 (AFF4)}",
      url =     "http://forensicswiki.org/wiki/AFF4",
      note =         "[Online; navštíveno 28.10.2017]"
    }
    
    @MISC{structData,
      title =        "{\it Data model}",
      url =     "https://en.wikipedia.org/wiki/Data_model",
      note =         "[Online; navštíveno 22.12.2017]"
    }
    
    @MISC{noSqlOverview,
      author =       "Pramod Sadalage",
      title =        "{\it NoSQL Databases: An Overview}",
      url =     "https://www.thoughtworks.com/insights/blog/nosql-databases-overview",
      note =         "[Online; navštíveno 22.12.2017]"
    }
    
    @MISC{noSqlIntro,
      title =        "{\it NoSQL introduction}",
      url =     "https://www.w3resource.com/mongodb/nosql.php",
      note =         "[Online; navštíveno 22.12.2017]"
    }
    
    @MISC{noSqlWiki,
      title =        "{\it NoSQL}",
      url =     "https://cs.wikipedia.org/wiki/NoSQL",
      note =         "[Online; navštíveno 22.12.2017]"
    }
    
    @MISC{kafkaTutorialsPoint,
      author =       "{Tutorials Point (I) Pvt. Ltd.}",
      title =        "{\it Apache Kafka Tutorial}",
      url =          "https://www.tutorialspoint.com/apache\_kafka/",
      note =         "[Online; navštíveno 23.12.2017]"
    }
    
    @MISC{cassandraTutorialsPoint,
      author =       "{Tutorials Point (I) Pvt. Ltd.}",
      title =        "{\it Cassandra Introduction}",
      url =          "https://www.tutorialspoint.com/cassandra/index.htm",
      note =         "[Online; navštíveno 26.12.2017]"
    }
    
    @MISC{mongoDBTutorialsPoint,
      author =       "{Tutorials Point (I) Pvt. Ltd.}",
      title =        "{\it MongoDB Tutorial}",
      url =          "https://www.tutorialspoint.com/mongodb/index.htm",
      note =         "[Online; navštíveno 27.12.2017]"
    }
    
    @MISC{mongoDBDataModelingIntro,
      title =        "{\it Data Modeling Introduction — MongoDB Manual 3.6}",
      url =          "https://docs.mongodb.com/manual/core/data-modeling-introduction/",
      note =         "[Online; navštíveno 27.12.2017]"
    }
    
    @MISC{forensicswikiFFIdentification,
      title =        "{\it File Format Identification}",
      url =          "http://www.forensicswiki.org/wiki/File_Format_Identification",
      note =         "[Online; navštíveno 01.04.2018]"
    }
    
    @MISC{slacSpace,
      title =        "{\it What is slack space (file slack space)?}",
      author =       "Margaret Rouse",
      url =          "http://whatis.techtarget.com/definition/slack-space-file-slack-space",
      note =         "[Online; navštíveno 01.04.2018]"
    }
    
    @MISC{gitPcap4J,
      title =        "{\it Pcap4J}",
      author =       "Kaito Yamada",
      url =          "https://github.com/kaitoy/pcap4j",
      note =         "[Online; navštíveno 01.04.2018]"
    }
    
    @MISC{noSqlPdb,
      author =       "Marek Rychlý",
      title =        "{\it NoSQL databáze}",
      howpublished = "FIT VUT v Brně",
      year =         "2013",
      month =        Oct,
      url =          "http://www.fit.vutbr.cz/~rychly/public/docs/slides-nosql-databases/slides-nosql-databases.pdf",
      note =         "[Online; navštíveno 02.04.2018]"
    }
    
    @MISC{asyncQueriesCassandra,
      title =        "{\it Asynchronous queries with the Java driver}",
      author =       "Olivier Michallat",
      url =          "https://www.datastax.com/dev/blog/java-driver-async-queries",
      note =         "[Online; navštíveno 03.04.2018]"
    }
    
    @MISC{oficReactiveX,
      title =        "{\it ReactiveX - An API for asynchronous programming with observable streams}",
      url =          "http://reactivex.io/",
      note =         "[Online; navštíveno 04.04.2018]"
    }
    
    @MISC{githubReactiveX,
      title =        "{\it RxJava: Reactive Extensions for the JVM}",
      url =          "https://github.com/ReactiveX/RxJava",
      note =         "[Online; navštíveno 04.04.2018]"
    }
    
    @MISC{springDataReactive,
      title =        "{\it Going reactive with Spring Data}",
      url =          "https://spring.io/blog/2016/11/28/going-reactive-with-spring-data",
      note =         "[Online; navštíveno 04.04.2018]"
    }
    
    @MISC{projectReactor,
      title =        "{\it Project Reactor}",
      url =          "https://projectreactor.io/",
      note =         "[Online; navštíveno 05.04.2018]"
    }
    
    @MISC{springReactiveTypes,
      title =        "{\it Understanding Reactive types}",
      url =          "https://spring.io/blog/2016/04/19/understanding-reactive-types",
      note =         "[Online; navštíveno 05.04.2018]"
    }
    
    @MISC{reactoreRefGuide,
      title =        "{\it Reactore 3 Reference Guide}",
      url =          "https://projectreactor.io/docs/core/release/reference/",
      note =         "[Online; navštíveno 05.04.2018]"
    }
    
    @MISC{hadoopTutorialsPoint,
      author =       "{Tutorials Point (I) Pvt. Ltd.}",
      title =        "{\it Hadoop Tutorial}",
      url =          "https://www.tutorialspoint.com/hadoop/index.htm",
      note =         "[Online; navštíveno 05.04.2018]"
    }
    
    @MISC{hadoopHortonworks,
      title =        "{\it Apache Hadoop HDFS}",
      url =          "https://hortonworks.com/apache/hdfs/",
      note =         "[Online; navštíveno 05.04.2018]"
    }
    
    @MISC{apacheHDFSGuide,
      title =        "{\it HDFS Architecture Guide}",
      url =          "https://hadoop.apache.org/docs/r1.2.1/hdfs_design.html",
      note =         "[Online; navštíveno 05.04.2018]"
    }
    
    