  
    @MISC{systemonlineBigData,
      author =       "Ondřej Dolák",
      title =        "{\it Big data - Nové způsoby zpracování a~analýzy velkých objemů dat}",
      url =          "https://www.systemonline.cz/clanky/big-data.htm",
      note =         "[Online; navštíveno 26.09.2017]"
    }
    
    @MISC{oracleBigData,
      author =       "Peter Heller and Dee Piziak and Robert Stackowiak and Art Licht and Tom Luckenbach and Bob Cauthen and Avishkar Misra and John Wyant and Jeff Knudsen",
      title =        "{\it An Enterprise Architect’s Guide to Big Data}",
      url =          "http://www.oracle.com/technetwork/topics/entarch/articles/oea-big-data-guide-1522052.pdf",
      note =         "[Online; navštíveno 26.09.2017]"
    }
    
    @MISC{johanBigData,
      author =       "Johan Louwers",
      title =        "{\it Big Data is sometimes Fast Data}",
      url =          "http://johanlouwers.blogspot.cz/2013/01/big-data-is-sometimes-fast-data.html",
      note =         "[Online; navštíveno 27.09.2017]"
    }
    
    @MISC{rajeshBigData,
      author =       "Rajesh Nambiar",
      title =        "{\it What is Big Data ? }",
      url =          "http://rrnamb.blogspot.cz/2012/09/what-is-big-data.html",
      note =         "[Online; navštíveno 27.09.2017]"
    }
    
    @MISC{distributedDBMS,
      author =       "{Tutorials Point (I) Pvt. Ltd.}",
      title =        "{\it Distributed DBMS Tutorial}",
      url =          "https://www.tutorialspoint.com/distributed_dbms/",
      note =         "[Online; navštíveno 29.09.2017]"
    }
    
    @MISC{distributedDBMSPic,
      author =       "{Oracle Help Center}",
      title =        "{\it Distributed Database Architecture}",
      url =          "https://docs.oracle.com/cd/B28359_01/server.111/b28310/ds_concepts001.htm",
      note =         "[Online; navštíveno 29.09.2017]"
    }
    
    @MISC{wikiDBMS,
      title =        "{\it Distributed database}",
      url =          "https://en.wikipedia.org/wiki/Distributed_database",
      note =         "[Online; navštíveno 02.10.2017]"
    }
    
    @MISC{forensicswikiForensicFF,
      title =        "{\it Forensics File Formats}",
      url =          "http://www.forensicswiki.org/wiki/Category:Forensics_File_Formats",
      note =         "[Online; navštíveno 28.10.2017]"
    }
    
    @MISC{forensicswikiCompFor,
      title =        "{\it Computer forensics}",
      url =     "http://www.forensicswiki.org/wiki/Computer_forensics",
      note =         "[Online; navštíveno 28.10.2017]"
    }
    
    @MISC{forensicImages,
      author =       "Sally Vandeven",
      title =        "{\it Forensic Images: For Your Viewing Pleasure}",
      url =     "https://www.sans.org/reading-room/whitepapers/forensics/forensic-images-viewing-pleasure-35447",
      note =         "[Online; navštíveno 28.10.2017]"
    }
    
    @MISC{whatIsDigFor,
      author =       "Blaine Stephens",
      title =        "{\it What Is Digital Forensics?}",
      url =     "https://www.interworks.com/blog/bstephens/2016/02/05/what-digital-forensics",
      note =         "[Online; navštíveno 28.10.2017]"
    }
    
    @MISC{aff4,
      title =        "{\it Advanced Forensic Framework 4 (AFF4)}",
      url =     "http://forensicswiki.org/wiki/AFF4",
      note =         "[Online; navštíveno 28.10.2017]"
    }
    
    @MISC{structData,
      title =        "{\it Data model}",
      url =     "https://en.wikipedia.org/wiki/Data_model",
      note =         "[Online; navštíveno 22.12.2017]"
    }
    
    @MISC{noSqlOverview,
      author =       "Pramod Sadalage",
      title =        "{\it NoSQL Databases: An Overview}",
      url =     "https://www.thoughtworks.com/insights/blog/nosql-databases-overview",
      note =         "[Online; navštíveno 22.12.2017]"
    }
    
    @MISC{noSqlIntro,
      title =        "{\it NoSQL introduction}",
      url =     "https://www.w3resource.com/mongodb/nosql.php",
      note =         "[Online; navštíveno 22.12.2017]"
    }
    
    @MISC{noSqlWiki,
      title =        "{\it NoSQL}",
      url =     "https://cs.wikipedia.org/wiki/NoSQL",
      note =         "[Online; navštíveno 22.12.2017]"
    }
    
    @MISC{kafkaTutorialsPoint,
      author =       "{Tutorials Point (I) Pvt. Ltd.}",
      title =        "{\it Apache Kafka Tutorial}",
      url =          "https://www.tutorialspoint.com/apache\_kafka/",
      note =         "[Online; navštíveno 23.12.2017]"
    }
    
    @MISC{cassandraTutorialsPoint,
      author =       "{Tutorials Point (I) Pvt. Ltd.}",
      title =        "{\it Cassandra Introduction}",
      url =          "https://www.tutorialspoint.com/cassandra/index.htm",
      note =         "[Online; navštíveno 26.12.2017]"
    }
    
    @MISC{mongoDBTutorialsPoint,
      author =       "{Tutorials Point (I) Pvt. Ltd.}",
      title =        "{\it MongoDB Tutorial}",
      url =          "https://www.tutorialspoint.com/mongodb/index.htm",
      note =         "[Online; navštíveno 27.12.2017]"
    }
    
    @MISC{mongoDBDataModelingIntro,
      title =        "{\it Data Modeling Introduction — MongoDB Manual 3.6}",
      url =          "https://docs.mongodb.com/manual/core/data-modeling-introduction/",
      note =         "[Online; navštíveno 27.12.2017]"
    }
    
    @MISC{forensicswikiFFIdentification,
      title =        "{\it File Format Identification}",
      url =          "http://www.forensicswiki.org/wiki/File_Format_Identification",
      note =         "[Online; navštíveno 01.04.2018]"
    }
    
    @MISC{slacSpace,
      title =        "{\it What is slack space (file slack space)?}",
      author =       "Margaret Rouse",
      url =          "http://whatis.techtarget.com/definition/slack-space-file-slack-space",
      note =         "[Online; navštíveno 01.04.2018]"
    }
    
    @MISC{gitPcap4J,
      title =        "{\it Pcap4J}",
      author =       "Kaito Yamada",
      url =          "https://github.com/kaitoy/pcap4j",
      note =         "[Online; navštíveno 01.04.2018]"
    }
    
    @MISC{noSqlPdb,
      author =       "Marek Rychlý",
      title =        "{\it NoSQL databáze}",
      howpublished = "FIT VUT v~Brně",
      year =         "2013",
      month =        Oct,
      url =          "http://www.fit.vutbr.cz/~rychly/public/docs/slides-nosql-databases/slides-nosql-databases.pdf",
      note =         "[Online; navštíveno 02.04.2018]"
    }
    
    @MISC{asyncQueriesCassandra,
      title =        "{\it Asynchronous queries with the Java driver}",
      author =       "Olivier Michallat",
      url =          "https://www.datastax.com/dev/blog/java-driver-async-queries",
      note =         "[Online; navštíveno 03.04.2018]"
    }
    
    @MISC{oficReactiveX,
      title =        "{\it ReactiveX - An API for asynchronous programming with observable streams}",
      url =          "http://reactivex.io/",
      note =         "[Online; navštíveno 04.04.2018]"
    }
    
    @MISC{githubReactiveX,
      title =        "{\it RxJava: Reactive Extensions for the JVM}",
      url =          "https://github.com/ReactiveX/RxJava",
      note =         "[Online; navštíveno 04.04.2018]"
    }
    
    @MISC{springDataReactive,
      title =        "{\it Going reactive with Spring Data}",
      url =          "https://spring.io/blog/2016/11/28/going-reactive-with-spring-data",
      note =         "[Online; navštíveno 04.04.2018]"
    }
    
    @MISC{projectReactor,
      title =        "{\it Project Reactor}",
      url =          "https://projectreactor.io/",
      note =         "[Online; navštíveno 05.04.2018]"
    }
    
    @MISC{springReactiveTypes,
      title =        "{\it Understanding Reactive types}",
      url =          "https://spring.io/blog/2016/04/19/understanding-reactive-types",
      note =         "[Online; navštíveno 05.04.2018]"
    }
    
    @MISC{reactoreRefGuide,
      title =        "{\it Reactore 3 Reference Guide}",
      url =          "https://projectreactor.io/docs/core/release/reference/",
      note =         "[Online; navštíveno 05.04.2018]"
    }
    
    @MISC{hadoopTutorialsPoint,
      author =       "{Tutorials Point (I) Pvt. Ltd.}",
      title =        "{\it Hadoop Tutorial}",
      url =          "https://www.tutorialspoint.com/hadoop/index.htm",
      note =         "[Online; navštíveno 05.04.2018]"
    }
    
    @MISC{hadoopHortonworks,
      title =        "{\it Apache Hadoop HDFS}",
      url =          "https://hortonworks.com/apache/hdfs/",
      note =         "[Online; navštíveno 05.04.2018]"
    }
    
    @MISC{apacheHDFSGuide,
      title =        "{\it HDFS Architecture Guide}",
      url =          "https://hadoop.apache.org/docs/r1.2.1/hdfs_design.html",
      note =         "[Online; navštíveno 05.04.2018]"
    }
    
    @MISC{hadoopPdi,
      author =       "Marek Rychlý",
      title =        "{\it Paradigma MapReduce a~Apache Hadoop}",
      howpublished = "FIT VUT v~Brně",
      year =         "2017",
      month =        Nov,
      url =          "https://www.fit.vutbr.cz/~rychly/private/pdi/PDI.hadoop_print.pdf",
      note =         "[Online; navštíveno 05.04.2018]"
    }
    
    @MISC{whySpringBoot,
      author =       "Siva Prasad Reddy Katamreddy",
      title =        "{\it Why Spring Boot?}",
      url =          "https://dzone.com/articles/why-springboot",
      note =         "[Online; navštíveno 08.04.2018]"
    }
    
    @MISC{springKafka,
      author =       "Gary Russell and Artem Bilan and Biju Kunjummen",
      title =        "{\it Spring for Apache Kafka}",
      url =          "https://docs.spring.io/spring-kafka/docs/2.1.6.BUILD-SNAPSHOT/reference/html/",
      note =         "[Online; navštíveno 08.04.2018]"
    }
    
    @MISC{springHadoop,
      title =        "{\it Spring for Apache Hadoop}",
      url =          "https://projects.spring.io/spring-hadoop/",
      note =         "[Online; navštíveno 09.04.2018]"
    }
    
    @MISC{springHadoopReference,
      author =       "Costin Leau and Thomas Risberg and Janne Valkealahti",
      title =        "{\it Spring for Apache Hadoop - Reference Documentation}",
      url =          "https://docs.spring.io/spring-hadoop/docs/2.5.1.BUILD-SNAPSHOT/reference/html/",
      note =         "[Online; navštíveno 08.04.2018]"
    }
    
    @MISC{kafkaDeployment,
      title =        "{\it Production Deployment}",
      url =          "https://docs.confluent.io/current/kafka/deployment.html",
      note =         "[Online; navštíveno 21.04.2018]"
    }
    
    @MISC{kafkaBestPractises,
      author =       "Sriharsha Chintalapani",
      title =        "{\it Kafka Best Practices}",
      url =          "https://community.hortonworks.com/articles/80813/kafka-best-practices-1.html",
      note =         "[Online; navštíveno 21.04.2018]"
    }
    
    @MISC{cassandraHW,
      title =        "{\it Apache Cassandra: Hardware Choices}",
      url =          "http://cassandra.apache.org/doc/latest/operating/hardware.html",
      note =         "[Online; navštíveno 21.04.2018]"
    }
    
    @MISC{cassandraPlanningHW,
      title =        "{\it Selecting hardware for DataStax Enterprise implementations}",
      url =          "https://docs.datastax.com/en/dse-planning/doc/planning/planningHardware.html",
      note =         "[Online; navštíveno 21.04.2018]"
    }
    
    @MISC{hwProvisioningMongoDB,
      author =       "Chad Tindel",
      title =        "{\it Hardware Provisioning for MongoDB}",
      url =          "https://www.mongodb.com/presentations/hardware-provisioning-mongodb",
      note =         "[Online; navštíveno 22.04.2018]"
    }
    
    @MISC{sizeYourMongoDBClusters,
      author =       "Susan Hall",
      title =        "{\it How to Size Your MongoDB Clusters}",
      url =          "https://thenewstack.io/size-mongodb-clusters/",
      note =         "[Online; navštíveno 22.04.2018]"
    }
    
    @MISC{mongoDBProductionNotes,
      title =        "{\it Production Notes}",
      url =          " https://docs.mongodb.com/manual/administration/production-notes/",
      note =         "[Online; navštíveno 22.04.2018]"
    }
    
    @MISC{bestPracticesHadoopHW,
      author =       "Eric Baldeschwieler",
      title =        "{\it Best Practices for Selecting Apache Hadoop Hardware}",
      url =          " https://hortonworks.com/blog/best-practices-for-selecting-apache-hadoop-hardware/",
      note =         "[Online; navštíveno 22.04.2018]"
    }
    
    @MISC{hadoopHardware,
      author =       "Peter Coates",
      title =        "{\it Understanding Hadoop Hardware Requirements}",
      url =          " https://hadoopoopadoop.com/2015/09/22/hadoop-hardware/",
      note =         "[Online; navštíveno 22.04.2018]"
    }
    
    
   